%% This BibTeX bibliography file was created using BibDesk.
%% http://bibdesk.sourceforge.net/


%% Created for Raajay at 2014-07-24 15:51:00 -0700


%% Saved with string encoding Unicode (UTF-8)



@inproceedings{Karger:1997aa,
	Acmid = {258660},
	Address = {New York, NY, USA},
	Author = {Karger, David and Lehman, Eric and Leighton, Tom and Panigrahy, Rina and Levine, Matthew and Lewin, Daniel},
	Booktitle = {Proceedings of the Twenty-ninth Annual ACM Symposium on Theory of Computing},
	Date-Added = {2014-07-24 22:50:06 +0000},
	Date-Modified = {2014-07-24 22:50:06 +0000},
	Doi = {10.1145/258533.258660},
	Isbn = {0-89791-888-6},
	Location = {El Paso, Texas, USA},
	Numpages = {10},
	Pages = {654--663},
	Publisher = {ACM},
	Series = {STOC '97},
	Title = {Consistent Hashing and Random Trees: Distributed Caching Protocols for Relieving Hot Spots on the World Wide Web},
	Url = {http://doi.acm.org/10.1145/258533.258660},
	Year = {1997},
	Bdsk-Url-1 = {http://doi.acm.org/10.1145/258533.258660},
	Bdsk-Url-2 = {http://dx.doi.org/10.1145/258533.258660},
	Bdsk-File-1 = {YnBsaXN0MDDUAQIDBAUGJCVYJHZlcnNpb25YJG9iamVjdHNZJGFyY2hpdmVyVCR0b3ASAAGGoKgHCBMUFRYaIVUkbnVsbNMJCgsMDxJXTlMua2V5c1pOUy5vYmplY3RzViRjbGFzc6INDoACgAOiEBGABIAFgAdccmVsYXRpdmVQYXRoWWFsaWFzRGF0YV8QFGRvY3MvcDY1NC1rYXJnZXIucGRm0hcLGBlXTlMuZGF0YU8RAaYAAAAAAaYAAgAADE1hY2ludG9zaCBIRAAAAAAAAAAAAAAAAAAAAM4TzqJIKwAAAKaAPA9wNjU0LWthcmdlci5wZGYAAAAAAAAAAAAAAAAAAAAAAAAAAAAAAAAAAAAAAAAAAAAAAAAAAAAAAAAAAAAAAAAAsNSaz/bbyAAAAAAAAAAAAAEAAwAACSAAAAAAAAAAAAAAAAAAAAAEZG9jcwAQAAgAAM4UMRIAAAARAAgAAM/3PjgAAAABABQApoA8AKCsUgAdFiQABcCOAAISKQACAEhNYWNpbnRvc2ggSEQ6VXNlcnM6AHJhYWpheToARHJvcGJveDoAYmlibGlvZ3JhcGh5OgBkb2NzOgBwNjU0LWthcmdlci5wZGYADgAgAA8AcAA2ADUANAAtAGsAYQByAGcAZQByAC4AcABkAGYADwAaAAwATQBhAGMAaQBuAHQAbwBzAGgAIABIAEQAEgA2VXNlcnMvcmFhamF5L0Ryb3Bib3gvYmlibGlvZ3JhcGh5L2RvY3MvcDY1NC1rYXJnZXIucGRmABMAAS8AABUAAgAN//8AAIAG0hscHR5aJGNsYXNzbmFtZVgkY2xhc3Nlc11OU011dGFibGVEYXRhox0fIFZOU0RhdGFYTlNPYmplY3TSGxwiI1xOU0RpY3Rpb25hcnmiIiBfEA9OU0tleWVkQXJjaGl2ZXLRJidUcm9vdIABAAgAEQAaACMALQAyADcAQABGAE0AVQBgAGcAagBsAG4AcQBzAHUAdwCEAI4ApQCqALICXAJeAmMCbgJ3AoUCiQKQApkCngKrAq4CwALDAsgAAAAAAAACAQAAAAAAAAAoAAAAAAAAAAAAAAAAAAACyg==}}

@inproceedings{Liu:2013aa,
	Acmid = {2486005},
	Address = {New York, NY, USA},
	Author = {Liu, Hongqiang Harry and Wu, Xin and Zhang, Ming and Yuan, Lihua and Wattenhofer, Roger and Maltz, David},
	Booktitle = {Proceedings of the ACM SIGCOMM 2013 Conference on SIGCOMM},
	Date-Added = {2014-07-24 22:49:11 +0000},
	Date-Modified = {2014-07-24 22:49:11 +0000},
	Doi = {10.1145/2486001.2486005},
	Isbn = {978-1-4503-2056-6},
	Keywords = {congestion, data center network, network update},
	Location = {Hong Kong, China},
	Numpages = {12},
	Pages = {411--422},
	Publisher = {ACM},
	Series = {SIGCOMM '13},
	Title = {zUpdate: Updating Data Center Networks with Zero Loss},
	Url = {http://doi.acm.org/10.1145/2486001.2486005},
	Year = {2013},
	Bdsk-Url-1 = {http://doi.acm.org/10.1145/2486001.2486005},
	Bdsk-Url-2 = {http://dx.doi.org/10.1145/2486001.2486005},
	Bdsk-File-1 = {YnBsaXN0MDDUAQIDBAUGJCVYJHZlcnNpb25YJG9iamVjdHNZJGFyY2hpdmVyVCR0b3ASAAGGoKgHCBMUFRYaIVUkbnVsbNMJCgsMDxJXTlMua2V5c1pOUy5vYmplY3RzViRjbGFzc6INDoACgAOiEBGABIAFgAdccmVsYXRpdmVQYXRoWWFsaWFzRGF0YV1kb2NzL3A0MTEucGRm0hcLGBlXTlMuZGF0YU8RAYwAAAAAAYwAAgAADE1hY2ludG9zaCBIRAAAAAAAAAAAAAAAAAAAAM4TzqJIKwAAAKaAPAhwNDExLnBkZgAAAAAAAAAAAAAAAAAAAAAAAAAAAAAAAAAAAAAAAAAAAAAAAAAAAAAAAAAAAAAAAAAAAAAAAAAAsMbjz/a60AAAAAAAAAAAAAEAAwAACSAAAAAAAAAAAAAAAAAAAAAEZG9jcwAQAAgAAM4UMRIAAAARAAgAAM/3HUAAAAABABQApoA8AKCsUgAdFiQABcCOAAISKQACAEFNYWNpbnRvc2ggSEQ6VXNlcnM6AHJhYWpheToARHJvcGJveDoAYmlibGlvZ3JhcGh5OgBkb2NzOgBwNDExLnBkZgAADgASAAgAcAA0ADEAMQAuAHAAZABmAA8AGgAMAE0AYQBjAGkAbgB0AG8AcwBoACAASABEABIAL1VzZXJzL3JhYWpheS9Ecm9wYm94L2JpYmxpb2dyYXBoeS9kb2NzL3A0MTEucGRmAAATAAEvAAAVAAIADf//AACABtIbHB0eWiRjbGFzc25hbWVYJGNsYXNzZXNdTlNNdXRhYmxlRGF0YaMdHyBWTlNEYXRhWE5TT2JqZWN00hscIiNcTlNEaWN0aW9uYXJ5oiIgXxAPTlNLZXllZEFyY2hpdmVy0SYnVHJvb3SAAQAIABEAGgAjAC0AMgA3AEAARgBNAFUAYABnAGoAbABuAHEAcwB1AHcAhACOAJwAoQCpAjkCOwJAAksCVAJiAmYCbQJ2AnsCiAKLAp0CoAKlAAAAAAAAAgEAAAAAAAAAKAAAAAAAAAAAAAAAAAAAAqc=}}

@inproceedings{Patel:2013aa,
	Acmid = {2486026},
	Address = {New York, NY, USA},
	Author = {Patel, Parveen and Bansal, Deepak and Yuan, Lihua and Murthy, Ashwin and Greenberg, Albert and Maltz, David A. and Kern, Randy and Kumar, Hemant and Zikos, Marios and Wu, Hongyu and Kim, Changhoon and Karri, Naveen},
	Booktitle = {Proceedings of the ACM SIGCOMM 2013 Conference on SIGCOMM},
	Date-Added = {2014-07-09 21:57:24 +0000},
	Date-Modified = {2014-07-09 21:57:24 +0000},
	Doi = {10.1145/2486001.2486026},
	Isbn = {978-1-4503-2056-6},
	Keywords = {distributed systems, server load balancing, software defined networking},
	Location = {Hong Kong, China},
	Numpages = {12},
	Pages = {207--218},
	Publisher = {ACM},
	Series = {SIGCOMM '13},
	Title = {Ananta: Cloud Scale Load Balancing},
	Url = {http://doi.acm.org/10.1145/2486001.2486026},
	Year = {2013},
	Bdsk-File-1 = {YnBsaXN0MDDUAQIDBAUGJCVYJHZlcnNpb25YJG9iamVjdHNZJGFyY2hpdmVyVCR0b3ASAAGGoKgHCBMUFRYaIVUkbnVsbNMJCgsMDxJXTlMua2V5c1pOUy5vYmplY3RzViRjbGFzc6INDoACgAOiEBGABIAFgAdccmVsYXRpdmVQYXRoWWFsaWFzRGF0YV8QE2RvY3MvcDIwNy1wYXRlbC5wZGbSFwsYGVdOUy5kYXRhTxEBpAAAAAABpAACAAAMTWFjaW50b3NoIEhEAAAAAAAAAAAAAAAAAAAAzhPOokgrAAAApoA8DnAyMDctcGF0ZWwucGRmAAAAAAAAAAAAAAAAAAAAAAAAAAAAAAAAAAAAAAAAAAAAAAAAAAAAAAAAAAAAAAAAAACohRLP4wmRAAAAAAAAAAAAAQADAAAJIAAAAAAAAAAAAAAAAAAAAARkb2NzABAACAAAzhQxEgAAABEACAAAz+NsAQAAAAEAFACmgDwAoKxSAB0WJAAFwI4AAhIpAAIAR01hY2ludG9zaCBIRDpVc2VyczoAcmFhamF5OgBEcm9wYm94OgBiaWJsaW9ncmFwaHk6AGRvY3M6AHAyMDctcGF0ZWwucGRmAAAOAB4ADgBwADIAMAA3AC0AcABhAHQAZQBsAC4AcABkAGYADwAaAAwATQBhAGMAaQBuAHQAbwBzAGgAIABIAEQAEgA1VXNlcnMvcmFhamF5L0Ryb3Bib3gvYmlibGlvZ3JhcGh5L2RvY3MvcDIwNy1wYXRlbC5wZGYAABMAAS8AABUAAgAN//8AAIAG0hscHR5aJGNsYXNzbmFtZVgkY2xhc3Nlc11OU011dGFibGVEYXRhox0fIFZOU0RhdGFYTlNPYmplY3TSGxwiI1xOU0RpY3Rpb25hcnmiIiBfEA9OU0tleWVkQXJjaGl2ZXLRJidUcm9vdIABAAgAEQAaACMALQAyADcAQABGAE0AVQBgAGcAagBsAG4AcQBzAHUAdwCEAI4ApACpALECWQJbAmACawJ0AoIChgKNApYCmwKoAqsCvQLAAsUAAAAAAAACAQAAAAAAAAAoAAAAAAAAAAAAAAAAAAACxw==},
	Bdsk-Url-1 = {http://doi.acm.org/10.1145/2486001.2486026},
	Bdsk-Url-2 = {http://dx.doi.org/10.1145/2486001.2486026}}

@inproceedings{Krishnan:2009aa,
	Acmid = {1644917},
	Address = {New York, NY, USA},
	Author = {Krishnan, Rupa and Madhyastha, Harsha V. and Srinivasan, Sridhar and Jain, Sushant and Krishnamurthy, Arvind and Anderson, Thomas and Gao, Jie},
	Booktitle = {Proceedings of the 9th ACM SIGCOMM Conference on Internet Measurement Conference},
	Date-Added = {2014-07-08 18:21:18 +0000},
	Date-Modified = {2014-07-08 18:21:18 +0000},
	Doi = {10.1145/1644893.1644917},
	Isbn = {978-1-60558-771-4},
	Keywords = {content distribution networks, latency inflation, network troubleshooting},
	Location = {Chicago, Illinois, USA},
	Numpages = {12},
	Pages = {190--201},
	Publisher = {ACM},
	Series = {IMC '09},
	Title = {Moving Beyond End-to-end Path Information to Optimize CDN Performance},
	Url = {http://doi.acm.org/10.1145/1644893.1644917},
	Year = {2009},
	Bdsk-File-1 = {YnBsaXN0MDDUAQIDBAUGJCVYJHZlcnNpb25YJG9iamVjdHNZJGFyY2hpdmVyVCR0b3ASAAGGoKgHCBMUFRYaIVUkbnVsbNMJCgsMDxJXTlMua2V5c1pOUy5vYmplY3RzViRjbGFzc6INDoACgAOiEBGABIAFgAdccmVsYXRpdmVQYXRoWWFsaWFzRGF0YV8QFmRvY3MvcDE5MC1rcmlzaG5hbi5wZGbSFwsYGVdOUy5kYXRhTxEBrgAAAAABrgACAAAMTWFjaW50b3NoIEhEAAAAAAAAAAAAAAAAAAAAzhPOokgrAAAApoA8EXAxOTAta3Jpc2huYW4ucGRmAAAAAAAAAAAAAAAAAAAAAAAAAAAAAAAAAAAAAAAAAAAAAAAAAAAAAAAAAAAAAACm7NTP4YTAAAAAAAAAAAAAAQADAAAJIAAAAAAAAAAAAAAAAAAAAARkb2NzABAACAAAzhQxEgAAABEACAAAz+HnMAAAAAEAFACmgDwAoKxSAB0WJAAFwI4AAhIpAAIASk1hY2ludG9zaCBIRDpVc2VyczoAcmFhamF5OgBEcm9wYm94OgBiaWJsaW9ncmFwaHk6AGRvY3M6AHAxOTAta3Jpc2huYW4ucGRmAA4AJAARAHAAMQA5ADAALQBrAHIAaQBzAGgAbgBhAG4ALgBwAGQAZgAPABoADABNAGEAYwBpAG4AdABvAHMAaAAgAEgARAASADhVc2Vycy9yYWFqYXkvRHJvcGJveC9iaWJsaW9ncmFwaHkvZG9jcy9wMTkwLWtyaXNobmFuLnBkZgATAAEvAAAVAAIADf//AACABtIbHB0eWiRjbGFzc25hbWVYJGNsYXNzZXNdTlNNdXRhYmxlRGF0YaMdHyBWTlNEYXRhWE5TT2JqZWN00hscIiNcTlNEaWN0aW9uYXJ5oiIgXxAPTlNLZXllZEFyY2hpdmVy0SYnVHJvb3SAAQAIABEAGgAjAC0AMgA3AEAARgBNAFUAYABnAGoAbABuAHEAcwB1AHcAhACOAKcArAC0AmYCaAJtAngCgQKPApMCmgKjAqgCtQK4AsoCzQLSAAAAAAAAAgEAAAAAAAAAKAAAAAAAAAAAAAAAAAAAAtQ=},
	Bdsk-Url-1 = {http://doi.acm.org/10.1145/1644893.1644917},
	Bdsk-Url-2 = {http://dx.doi.org/10.1145/1644893.1644917}}

@article{Frank:2013aa,
	Acmid = {2500103},
	Address = {New York, NY, USA},
	Author = {Frank, Benjamin and Poese, Ingmar and Lin, Yin and Smaragdakis, Georgios and Feldmann, Anja and Maggs, Bruce and Rake, Jannis and Uhlig, Steve and Weber, Rick},
	Date-Added = {2014-07-08 06:59:13 +0000},
	Date-Modified = {2014-07-08 06:59:13 +0000},
	Doi = {10.1145/2500098.2500103},
	Issn = {0146-4833},
	Issue_Date = {July 2013},
	Journal = {SIGCOMM Comput. Commun. Rev.},
	Keywords = {cdn-isp collaboration, content delivery, network optimization},
	Month = jul,
	Number = {3},
	Numpages = {11},
	Pages = {34--44},
	Publisher = {ACM},
	Title = {Pushing CDN-ISP Collaboration to the Limit},
	Url = {http://doi.acm.org/10.1145/2500098.2500103},
	Volume = {43},
	Year = {2013},
	Bdsk-File-1 = {YnBsaXN0MDDUAQIDBAUGJCVYJHZlcnNpb25YJG9iamVjdHNZJGFyY2hpdmVyVCR0b3ASAAGGoKgHCBMUFRYaIVUkbnVsbNMJCgsMDxJXTlMua2V5c1pOUy5vYmplY3RzViRjbGFzc6INDoACgAOiEBGABIAFgAdccmVsYXRpdmVQYXRoWWFsaWFzRGF0YV8QFGRvY3MvQ0NSLU5ldFBhYVMucGRm0hcLGBlXTlMuZGF0YU8RAaYAAAAAAaYAAgAADE1hY2ludG9zaCBIRAAAAAAAAAAAAAAAAAAAAM4TzqJIKwAAAKaAPA9DQ1ItTmV0UGFhUy5wZGYAAAAAAAAAAAAAAAAAAAAAAAAAAAAAAAAAAAAAAAAAAAAAAAAAAAAAAAAAAAAAAAAAppugz+Dk6gAAAAAAAAAAAAEAAwAACSAAAAAAAAAAAAAAAAAAAAAEZG9jcwAQAAgAAM4UMRIAAAARAAgAAM/hR1oAAAABABQApoA8AKCsUgAdFiQABcCOAAISKQACAEhNYWNpbnRvc2ggSEQ6VXNlcnM6AHJhYWpheToARHJvcGJveDoAYmlibGlvZ3JhcGh5OgBkb2NzOgBDQ1ItTmV0UGFhUy5wZGYADgAgAA8AQwBDAFIALQBOAGUAdABQAGEAYQBTAC4AcABkAGYADwAaAAwATQBhAGMAaQBuAHQAbwBzAGgAIABIAEQAEgA2VXNlcnMvcmFhamF5L0Ryb3Bib3gvYmlibGlvZ3JhcGh5L2RvY3MvQ0NSLU5ldFBhYVMucGRmABMAAS8AABUAAgAN//8AAIAG0hscHR5aJGNsYXNzbmFtZVgkY2xhc3Nlc11OU011dGFibGVEYXRhox0fIFZOU0RhdGFYTlNPYmplY3TSGxwiI1xOU0RpY3Rpb25hcnmiIiBfEA9OU0tleWVkQXJjaGl2ZXLRJidUcm9vdIABAAgAEQAaACMALQAyADcAQABGAE0AVQBgAGcAagBsAG4AcQBzAHUAdwCEAI4ApQCqALICXAJeAmMCbgJ3AoUCiQKQApkCngKrAq4CwALDAsgAAAAAAAACAQAAAAAAAAAoAAAAAAAAAAAAAAAAAAACyg==},
	Bdsk-Url-1 = {http://doi.acm.org/10.1145/2500098.2500103},
	Bdsk-Url-2 = {http://dx.doi.org/10.1145/2500098.2500103}}

@inproceedings{Weiden:2010aa,
	Acmid = {1925002},
	Address = {Berkeley, CA, USA},
	Author = {Weiden, Fernanda and Frost, Peter},
	Booktitle = {Proceedings of the 24th International Conference on Large Installation System Administration},
	Date-Added = {2014-07-08 06:55:46 +0000},
	Date-Modified = {2014-07-08 07:05:44 +0000},
	Keywords = {anycast load balancing},
	Location = {San Jose, CA},
	Numpages = {6},
	Pages = {1--6},
	Publisher = {USENIX Association},
	Series = {LISA'10},
	Title = {Anycast As a Load Balancing Feature},
	Url = {http://dl.acm.org/citation.cfm?id=1924976.1925002},
	Year = {2010},
	Bdsk-File-1 = {YnBsaXN0MDDUAQIDBAUGJCVYJHZlcnNpb25YJG9iamVjdHNZJGFyY2hpdmVyVCR0b3ASAAGGoKgHCBMUFRYaIVUkbnVsbNMJCgsMDxJXTlMua2V5c1pOUy5vYmplY3RzViRjbGFzc6INDoACgAOiEBGABIAFgAdccmVsYXRpdmVQYXRoWWFsaWFzRGF0YV8QD2RvY3MvV2VpZGVuLnBkZtIXCxgZV05TLmRhdGFPEQGUAAAAAAGUAAIAAAxNYWNpbnRvc2ggSEQAAAAAAAAAAAAAAAAAAADOE86iSCsAAACmgDwKV2VpZGVuLnBkZgAAAAAAAAAAAAAAAAAAAAAAAAAAAAAAAAAAAAAAAAAAAAAAAAAAAAAAAAAAAAAAAAAAAAAAAKaWyc/g5BcAAAAAAAAAAAABAAMAAAkgAAAAAAAAAAAAAAAAAAAABGRvY3MAEAAIAADOFDESAAAAEQAIAADP4UaHAAAAAQAUAKaAPACgrFIAHRYkAAXAjgACEikAAgBDTWFjaW50b3NoIEhEOlVzZXJzOgByYWFqYXk6AERyb3Bib3g6AGJpYmxpb2dyYXBoeToAZG9jczoAV2VpZGVuLnBkZgAADgAWAAoAVwBlAGkAZABlAG4ALgBwAGQAZgAPABoADABNAGEAYwBpAG4AdABvAHMAaAAgAEgARAASADFVc2Vycy9yYWFqYXkvRHJvcGJveC9iaWJsaW9ncmFwaHkvZG9jcy9XZWlkZW4ucGRmAAATAAEvAAAVAAIADf//AACABtIbHB0eWiRjbGFzc25hbWVYJGNsYXNzZXNdTlNNdXRhYmxlRGF0YaMdHyBWTlNEYXRhWE5TT2JqZWN00hscIiNcTlNEaWN0aW9uYXJ5oiIgXxAPTlNLZXllZEFyY2hpdmVy0SYnVHJvb3SAAQAIABEAGgAjAC0AMgA3AEAARgBNAFUAYABnAGoAbABuAHEAcwB1AHcAhACOAKAApQCtAkUCRwJMAlcCYAJuAnICeQKCAocClAKXAqkCrAKxAAAAAAAAAgEAAAAAAAAAKAAAAAAAAAAAAAAAAAAAArM=},
	Bdsk-Url-1 = {http://dl.acm.org/citation.cfm?id=1924976.1925002}}

@inproceedings{Mysore:2014aa,
	Address = {Philadelphia, PA},
	Author = {Radhika Niranjan Mysore and Ratul Mahajan and Amin Vahdat and George Varghese},
	Booktitle = {2014 USENIX Annual Technical Conference (USENIX ATC 14)},
	Date-Added = {2014-07-08 06:53:13 +0000},
	Date-Modified = {2014-07-08 06:54:28 +0000},
	Isbn = {978-1-931971-10-2},
	Keywords = {Root cause analysis},
	Pages = {255--267},
	Publisher = {USENIX Association},
	Title = {Gestalt: Fast, Unified Fault Localization for Networked Systems},
	Url = {https://www.usenix.org/conference/atc14/technical-sessions/presentation/mysore},
	Year = {2014},
	Bdsk-File-1 = {YnBsaXN0MDDUAQIDBAUGJCVYJHZlcnNpb25YJG9iamVjdHNZJGFyY2hpdmVyVCR0b3ASAAGGoKgHCBMUFRYaIVUkbnVsbNMJCgsMDxJXTlMua2V5c1pOUy5vYmplY3RzViRjbGFzc6INDoACgAOiEBGABIAFgAdccmVsYXRpdmVQYXRoWWFsaWFzRGF0YV8QG2RvY3MvYXRjMTQtcGFwZXItbXlzb3JlLnBkZtIXCxgZV05TLmRhdGFPEQHEAAAAAAHEAAIAAAxNYWNpbnRvc2ggSEQAAAAAAAAAAAAAAAAAAADOE86iSCsAAACmgDwWYXRjMTQtcGFwZXItbXlzb3JlLnBkZgAAAAAAAAAAAAAAAAAAAAAAAAAAAAAAAAAAAAAAAAAAAAAAAAAAAAAAAKaC0s/g3jgAAAAAAAAAAAABAAMAAAkgAAAAAAAAAAAAAAAAAAAABGRvY3MAEAAIAADOFDESAAAAEQAIAADP4UCoAAAAAQAUAKaAPACgrFIAHRYkAAXAjgACEikAAgBPTWFjaW50b3NoIEhEOlVzZXJzOgByYWFqYXk6AERyb3Bib3g6AGJpYmxpb2dyYXBoeToAZG9jczoAYXRjMTQtcGFwZXItbXlzb3JlLnBkZgAADgAuABYAYQB0AGMAMQA0AC0AcABhAHAAZQByAC0AbQB5AHMAbwByAGUALgBwAGQAZgAPABoADABNAGEAYwBpAG4AdABvAHMAaAAgAEgARAASAD1Vc2Vycy9yYWFqYXkvRHJvcGJveC9iaWJsaW9ncmFwaHkvZG9jcy9hdGMxNC1wYXBlci1teXNvcmUucGRmAAATAAEvAAAVAAIADf//AACABtIbHB0eWiRjbGFzc25hbWVYJGNsYXNzZXNdTlNNdXRhYmxlRGF0YaMdHyBWTlNEYXRhWE5TT2JqZWN00hscIiNcTlNEaWN0aW9uYXJ5oiIgXxAPTlNLZXllZEFyY2hpdmVy0SYnVHJvb3SAAQAIABEAGgAjAC0AMgA3AEAARgBNAFUAYABnAGoAbABuAHEAcwB1AHcAhACOAKwAsQC5AoECgwKIApMCnAKqAq4CtQK+AsMC0ALTAuUC6ALtAAAAAAAAAgEAAAAAAAAAKAAAAAAAAAAAAAAAAAAAAu8=}}

@inproceedings{Pathak:2011aa,
	Acmid = {2068859},
	Address = {New York, NY, USA},
	Author = {Pathak, Abhinav and Zhang, Ming and Hu, Y. Charlie and Mahajan, Ratul and Maltz, Dave},
	Booktitle = {Proceedings of the 2011 ACM SIGCOMM Conference on Internet Measurement Conference},
	Date-Added = {2014-07-08 06:28:18 +0000},
	Date-Modified = {2014-07-08 06:47:53 +0000},
	Doi = {10.1145/2068816.2068859},
	Isbn = {978-1-4503-1013-0},
	Keywords = {LSP, MLPS, autobandwidth, latency},
	Location = {Berlin, Germany},
	Numpages = {10},
	Pages = {463--472},
	Publisher = {ACM},
	Series = {IMC '11},
	Title = {Latency Inflation with MPLS-based Traffic Engineering},
	Url = {http://doi.acm.org/10.1145/2068816.2068859},
	Year = {2011},
	Bdsk-File-1 = {YnBsaXN0MDDUAQIDBAUGJCVYJHZlcnNpb25YJG9iamVjdHNZJGFyY2hpdmVyVCR0b3ASAAGGoKgHCBMUFRYaIVUkbnVsbNMJCgsMDxJXTlMua2V5c1pOUy5vYmplY3RzViRjbGFzc6INDoACgAOiEBGABIAFgAdccmVsYXRpdmVQYXRoWWFsaWFzRGF0YV8QHWRvY3MvaW1jMjAxMS1tcGxzLWxhdGVuY3kucGRm0hcLGBlXTlMuZGF0YU8RAcwAAAAAAcwAAgAADE1hY2ludG9zaCBIRAAAAAAAAAAAAAAAAAAAAM4TzqJIKwAAAKaAPBhpbWMyMDExLW1wbHMtbGF0ZW5jeS5wZGYAAAAAAAAAAAAAAAAAAAAAAAAAAAAAAAAAAAAAAAAAAAAAAAAAAAAApoviz+DgKAAAAAAAAAAAAAEAAwAACSAAAAAAAAAAAAAAAAAAAAAEZG9jcwAQAAgAAM4UMRIAAAARAAgAAM/hQpgAAAABABQApoA8AKCsUgAdFiQABcCOAAISKQACAFFNYWNpbnRvc2ggSEQ6VXNlcnM6AHJhYWpheToARHJvcGJveDoAYmlibGlvZ3JhcGh5OgBkb2NzOgBpbWMyMDExLW1wbHMtbGF0ZW5jeS5wZGYAAA4AMgAYAGkAbQBjADIAMAAxADEALQBtAHAAbABzAC0AbABhAHQAZQBuAGMAeQAuAHAAZABmAA8AGgAMAE0AYQBjAGkAbgB0AG8AcwBoACAASABEABIAP1VzZXJzL3JhYWpheS9Ecm9wYm94L2JpYmxpb2dyYXBoeS9kb2NzL2ltYzIwMTEtbXBscy1sYXRlbmN5LnBkZgAAEwABLwAAFQACAA3//wAAgAbSGxwdHlokY2xhc3NuYW1lWCRjbGFzc2VzXU5TTXV0YWJsZURhdGGjHR8gVk5TRGF0YVhOU09iamVjdNIbHCIjXE5TRGljdGlvbmFyeaIiIF8QD05TS2V5ZWRBcmNoaXZlctEmJ1Ryb290gAEACAARABoAIwAtADIANwBAAEYATQBVAGAAZwBqAGwAbgBxAHMAdQB3AIQAjgCuALMAuwKLAo0CkgKdAqYCtAK4Ar8CyALNAtoC3QLvAvIC9wAAAAAAAAIBAAAAAAAAACgAAAAAAAAAAAAAAAAAAAL5}}

@inproceedings{Padmanabhan:2003aa,
	Author = {Padmanabhan, V.N. and Qiu, L. and Wang, H.J.},
	Booktitle = {INFOCOM 2003. Twenty-Second Annual Joint Conference of the IEEE Computer and Communications. IEEE Societies},
	Date-Added = {2014-07-08 06:24:37 +0000},
	Date-Modified = {2014-07-08 06:47:53 +0000},
	Doi = {10.1109/INFCOM.2003.1208667},
	Issn = {0743-166X},
	Keywords = {Internet;belief networks;client-server systems;linear programming;packet switching;sampling methods;telecommunication traffic;Bayesian inference;Gibbs sampling;Internet link lossiness;Internet packet traces;active probing;end-to-end client-server traffic;false positive rate;linear optimisation;microsoft.com Web site;network tomography;packet loss characteristics;random sampling;server-based inference;Bayesian methods;IP networks;Internet;Network servers;Passive networks;Sampling methods;Telecommunication traffic;Throughput;Tomography;Web server},
	Month = {March},
	Pages = {145-155 vol.1},
	Rating = {1},
	Title = {Server-based inference of Internet link lossiness},
	Volume = {1},
	Year = {2003},
	Bdsk-File-1 = {YnBsaXN0MDDUAQIDBAUGJCVYJHZlcnNpb25YJG9iamVjdHNZJGFyY2hpdmVyVCR0b3ASAAGGoKgHCBMUFRYaIVUkbnVsbNMJCgsMDxJXTlMua2V5c1pOUy5vYmplY3RzViRjbGFzc6INDoACgAOiEBGABIAFgAdccmVsYXRpdmVQYXRoWWFsaWFzRGF0YV8QE2RvY3MvdG9tb2dyYXBoeS5wZGbSFwsYGVdOUy5kYXRhTxEBpAAAAAABpAACAAAMTWFjaW50b3NoIEhEAAAAAAAAAAAAAAAAAAAAzhPOokgrAAAApoA8DnRvbW9ncmFwaHkucGRmAAAAAAAAAAAAAAAAAAAAAAAAAAAAAAAAAAAAAAAAAAAAAAAAAAAAAAAAAAAAAAAAAACmicHP4N+2AAAAAAAAAAAAAQADAAAJIAAAAAAAAAAAAAAAAAAAAARkb2NzABAACAAAzhQxEgAAABEACAAAz+FCJgAAAAEAFACmgDwAoKxSAB0WJAAFwI4AAhIpAAIAR01hY2ludG9zaCBIRDpVc2VyczoAcmFhamF5OgBEcm9wYm94OgBiaWJsaW9ncmFwaHk6AGRvY3M6AHRvbW9ncmFwaHkucGRmAAAOAB4ADgB0AG8AbQBvAGcAcgBhAHAAaAB5AC4AcABkAGYADwAaAAwATQBhAGMAaQBuAHQAbwBzAGgAIABIAEQAEgA1VXNlcnMvcmFhamF5L0Ryb3Bib3gvYmlibGlvZ3JhcGh5L2RvY3MvdG9tb2dyYXBoeS5wZGYAABMAAS8AABUAAgAN//8AAIAG0hscHR5aJGNsYXNzbmFtZVgkY2xhc3Nlc11OU011dGFibGVEYXRhox0fIFZOU0RhdGFYTlNPYmplY3TSGxwiI1xOU0RpY3Rpb25hcnmiIiBfEA9OU0tleWVkQXJjaGl2ZXLRJidUcm9vdIABAAgAEQAaACMALQAyADcAQABGAE0AVQBgAGcAagBsAG4AcQBzAHUAdwCEAI4ApACpALECWQJbAmACawJ0AoIChgKNApYCmwKoAqsCvQLAAsUAAAAAAAACAQAAAAAAAAAoAAAAAAAAAAAAAAAAAAACxw==}}

@misc{linkedin-rum,
    howpublished = {\url{https://engineering.linkedin.com/performance/how-linkedin-used-pops-and-rum-make-dynamic-content-download-25-faster}},
    author = {Ritesh Maheshwari},
    year = {2014},
    month = {June},
    title = {How {LinkedIn} used {PoPs} and {RUM} to make dynamic content download 25\% faster}
}

@misc{cdn-azure,
 key = "cdn-azure",
 howpublished = {\url{http://azure.microsoft.com/en-us/services/cdn/}},
 title = {Cloud Services | Content Delivery Network -- {Microsoft Azure}},
}

@misc{cdn-amazon,
 key = "cdn-amazon",
 howpublished = {\url{http://aws.amazon.com/cloudfront/}},
 title = {{AWS} | {Amazon CloudFront CDN} -- Content Delivery Network \& Streaming},
}

@misc{cdn-google,
  key = "cdn-google",
  howpublished = {\url{https://cloud.google.com/compute/docs/load-balancing/}},
  title = "Load Balancing -- {Google} Compute Engine -- {Google} Compute Platform"
}

@misc{cdn-facebook,
  key = "cdn-facebook",
  howpublished = {\url{http://allfacebook.com/frank-frankovsky-gigaom-structure-2012_b92602}},
  title = "Facebook Adding Edge Network Servers To Handle Photos, New Services"
}


@inproceedings{Labovitz10,
 author = {Labovitz, Craig and Iekel-Johnson, Scott and McPherson, Danny and Oberheide, Jon and Jahanian, Farnam},
 title = {Internet inter-domain traffic},
 booktitle = {SIGCOMM},
 year = {2010},
}

@inproceedings{swan,
 author = {Hong, Chi-Yao and Kandula, Srikanth and Mahajan, Ratul and Zhang, Ming and Gill, Vijay and Nanduri, Mohan and Wattenhofer, Roger},
 title = {Achieving High Utilization with Software-driven {WAN}},
 booktitle = {SIGCOMM},
 year=2013,
}

@inproceedings{b4,
 author = {Jain, Sushant and Kumar, Alok and Mandal, Subhasree and Ong, Joon and Poutievski, Leon and Singh, Arjun and Venkata, Subbaiah and Wanderer, Jim and Zhou, Junlan and Zhu, Min and Zolla, Jon and H\"{o}lzle, Urs and Stuart, Stephen and Vahdat, Amin},
 title = {{B}4: Experience with a Globally-deployed Software Defined {W}an},
 booktitle = {SIGCOMM},
 year=2013
}

@inproceedings{fastroute,
  title = "{FastRoute}: A Scalable Load-Aware Anycast Routing Architecture for Modern {CDN}s",
  author = "Ashley Flavel and Pradeepkumar Mani and David A. Maltz and Nick Holt and Jie Liu and Yingying Chen
Microsoft and Oleg Surmachev",
  booktitle = "NSDI (to appear)",
  year = 2015
}

@misc{arr,
  key = "arr",
  howpublished = {\url{http://en.wikipedia.org/wiki/Application_Request_Routing}},
  title = "Application Request Routing"
}

@misc{mosek,
  key = "mosek",
  howpublished = {\url{https://mosek.com/}},
  title = "Mosek {ApS}"
}

@misc{akamai,
  key = "mosek",
  howpublished = {\url{https://www.akamai.com}},
  title = "Cloud computing services and content distribution network {(CDN)} provider | Akamai"
}

@article{netpaas,
 author = {Frank, Benjamin and Poese, Ingmar and Lin, Yin and Smaragdakis, Georgios and Feldmann, Anja and Maggs, Bruce and Rake, Jannis and Uhlig, Steve and Weber, Rick},
 title = {Pushing {CDN-ISP} Collaboration to the Limit},
 journal = {SIGCOMM CCR},
 volume = {43},
 number = {3},
 year = {2013},
}

@inproceedings{pecan,
  title = {Quantifying the benefits of joint content and network routing},
  author = {Valancius, Vytautas and Ravi, Bharath and Feamster, Nick and Snoeren, Alex C},
  booktitle = {SIGMETRICS},
  year = {2013},
}

@inproceedings{entact,
 author = {Zhang, Zheng and Zhang, Ming and Greenberg, Albert and Hu, Y. Charlie and Mahajan, Ratul and Christian, Blaine},
 title = {Optimizing Cost and Performance in Online Service Provider Networks},
 booktitle = {NSDI},
 year = {2010},
}

@INPROCEEDINGS{rcp,
    author = {Matthew Caesar and Donald Caldwell and Nick Feamster and Jennifer Rexford and Aman Shaikh and Jacobus van der Merwe},
    title = {Design and implementation of a routing control platform},
    booktitle = {NSDI},
    year = {2005}
}
@INPROCEEDINGS{ethane,
    author = {Martin Casado and Michael J. Freedman and Justin Pettit and Jianying Luo and Nck Mckeown and Scott Shenker},
    title = {{ETHANE:} Taking Control of the Enterprise},
    booktitle = {SIGCOMM},
    year = {2007}
}

@inproceedings{hedera,
 author = {Al-Fares, Mohammad and Radhakrishnan, Sivasankar and Raghavan, Barath and Huang, Nelson and Vahdat, Amin},
 title = {Hedera: Dynamic Flow Scheduling for Data Center Networks},
 booktitle = {NSDI},
 year = {2010},
}

@inproceedings{fastpass,
   author =       "Jonathan Perry and Amy Ousterhout and Hari Balakrishnan and Devavrat Shah and Hans Fugal",
   title =        "Fastpass: A Centralized “Zero-Queue” Datacenter Network",
   booktitle =    {SIGCOMM},
   year =         {2014},
}

@article{mbac,
 author = {Jamin, Sugih and Danzig, Peter B. and Shenker, Scott J. and Zhang, Lixia},
 title = {A Measurement-based Admission Control Algorithm for Integrated Service Packet Networks},
 journal = {IEEE/ACM Trans. Netw.},
 volume = {5},
 number = {1},
 year = {1997},
}

@inproceedings{cope,
 author = {Wang, Hao and Xie, Haiyong and Qiu, Lili and Yang, Yang Richard and Zhang, Yin and Greenberg, Albert},
 title = {{COPE}: {T}raffic {E}ngineering in {D}ynamic {N}etworks},
 booktitle = {SIGCOMM},
 year = 2006,
}

@inproceedings{oblivious,
 author = {Applegate, David and Cohen, Edith},
 title = {Making Intra-domain Routing Robust to Changing and Uncertain Traffic Demands: Understanding Fundamental Tradeoffs},
 booktitle = {SIGCOMM},
 year = 2003,
}
