@inproceedings{labovitz10,
 author = {Labovitz, Craig and Iekel-Johnson, Scott and McPherson, Danny and Oberheide, Jon and Jahanian, Farnam},
 title = {Internet Inter-domain Traffic},
 booktitle = {Proceedings of the ACM SIGCOMM 2010 Conference},
 series = {SIGCOMM '10},
 year = {2010},
 isbn = {978-1-4503-0201-2},
 location = {New Delhi, India},
 pages = {75--86},
 numpages = {12},
 url = {http://doi.acm.org/10.1145/1851182.1851194},
 doi = {10.1145/1851182.1851194},
 acmid = {1851194},
 publisher = {ACM},
 address = {New York, NY, USA},
 keywords = {architecture, inter-domain traffic, internet, peering policies},
}

@inproceedings{swan,
 author = {Hong, Chi-Yao and Kandula, Srikanth and Mahajan, Ratul and Zhang, Ming and Gill, Vijay and Nanduri, Mohan and Wattenhofer, Roger},
 title = {Achieving High Utilization with Software-driven WAN},
 booktitle = {Proceedings of the ACM SIGCOMM 2013 Conference on SIGCOMM},
 series = {SIGCOMM '13},
 year = {2013},
 isbn = {978-1-4503-2056-6},
 location = {Hong Kong, China},
 pages = {15--26},
 numpages = {12},
 url = {http://doi.acm.org/10.1145/2486001.2486012},
 doi = {10.1145/2486001.2486012},
 acmid = {2486012},
 publisher = {ACM},
 address = {New York, NY, USA},
 keywords = {inter-dc wan, software-defined networking},
}

@inproceedings{b4,
 author = {Jain, Sushant and Kumar, Alok and Mandal, Subhasree and Ong, Joon and Poutievski, Leon and Singh, Arjun and Venkata, Subbaiah and Wanderer, Jim and Zhou, Junlan and Zhu, Min and Zolla, Jon and H\"{o}lzle, Urs and Stuart, Stephen and Vahdat, Amin},
 title = {B4: Experience with a Globally-deployed Software Defined Wan},
 booktitle = {Proceedings of the ACM SIGCOMM 2013 Conference on SIGCOMM},
 series = {SIGCOMM '13},
 year = {2013},
 isbn = {978-1-4503-2056-6},
 location = {Hong Kong, China},
 pages = {3--14},
 numpages = {12},
 url = {http://doi.acm.org/10.1145/2486001.2486019},
 doi = {10.1145/2486001.2486019},
 acmid = {2486019},
 publisher = {ACM},
 address = {New York, NY, USA},
 keywords = {centralized traffic engineering, openflow, routing, software- defined networking, wide-area networks},
}

@inproceedings {fastroute,
title = {FastRoute: A Scalable Load-Aware Anycast Routing Architecture for Modern CDNs},
booktitle = {12th USENIX Symposium on Networked Systems Design and Implementation (NSDI 15)},
year = {2015},
month = May,
address = {Oakland, CA},
url = {https://www.usenix.org/conference/nsdi15/technical-sessions/presentation/flavel},
publisher = {USENIX Association},
}

@MISC{edns,
    author = {J. Damas and M. Graff and P. Vixie},
    title = {Extension Mechanisms for DNS (EDNS(0))},
    year = {2013}
}

@inproceedings{ethane,
 author = {Casado, Martin and Freedman, Michael J. and Pettit, Justin and Luo, Jianying and McKeown, Nick and Shenker, Scott},
 title = {Ethane: Taking Control of the Enterprise},
 booktitle = {Proceedings of the 2007 Conference on Applications, Technologies, Architectures, and Protocols for Computer Communications},
 series = {SIGCOMM '07},
 year = {2007},
 isbn = {978-1-59593-713-1},
 location = {Kyoto, Japan},
 pages = {1--12},
 numpages = {12},
 url = {http://doi.acm.org/10.1145/1282380.1282382},
 doi = {10.1145/1282380.1282382},
 acmid = {1282382},
 publisher = {ACM},
 address = {New York, NY, USA},
 keywords = {architecture, management, network, security},
}

@inproceedings{hedera,
 author = {Al-Fares, Mohammad and Radhakrishnan, Sivasankar and Raghavan, Barath and Huang, Nelson and Vahdat, Amin},
 title = {Hedera: Dynamic Flow Scheduling for Data Center Networks},
 booktitle = {Proceedings of the 7th USENIX Conference on Networked Systems Design and Implementation},
 series = {NSDI'10},
 year = {2010},
 location = {San Jose, California},
 pages = {19--19},
 numpages = {1},
 url = {http://dl.acm.org/citation.cfm?id=1855711.1855730},
 acmid = {1855730},
 publisher = {USENIX Association},
 address = {Berkeley, CA, USA},
}

@inproceedings{fastpass,
 author = {Perry, Jonathan and Ousterhout, Amy and Balakrishnan, Hari and Shah, Devavrat and Fugal, Hans},
 title = {Fastpass: A Centralized "Zero-queue" Datacenter Network},
 booktitle = {Proceedings of the 2014 ACM Conference on SIGCOMM},
 series = {SIGCOMM '14},
 year = {2014},
 isbn = {978-1-4503-2836-4},
 location = {Chicago, Illinois, USA},
 pages = {307--318},
 numpages = {12},
 url = {http://doi.acm.org/10.1145/2619239.2626309},
 doi = {10.1145/2619239.2626309},
 acmid = {2626309},
 publisher = {ACM},
 address = {New York, NY, USA},
 keywords = {arbiter, centralized, data plane, datacenter, high throughput, low latency, scheduling, zero-queue},
}

@inproceedings{pecan,
 author = {Valancius, Vytautas and Ravi, Bharath and Feamster, Nick and Snoeren, Alex C.},
 title = {Quantifying the Benefits of Joint Content and Network Routing},
 booktitle = {Proceedings of the ACM SIGMETRICS/International Conference on Measurement and Modeling of Computer Systems},
 series = {SIGMETRICS '13},
 year = {2013},
 isbn = {978-1-4503-1900-3},
 location = {Pittsburgh, PA, USA},
 pages = {243--254},
 numpages = {12},
 url = {http://doi.acm.org/10.1145/2465529.2465762},
 doi = {10.1145/2465529.2465762},
 acmid = {2465762},
 publisher = {ACM},
 address = {New York, NY, USA},
 keywords = {content delivery, wide-area routing},
}

@inproceedings{oblivious03,
    author = {Applegate, David and Cohen, Edith},
    title = {Making Intra-domain Routing Robust to Changing and Uncertain Traffic Demands: Understanding Fundamental Tradeoffs},
    booktitle = {Proceedings of the 2003 Conference on Applications, Technologies, Architectures, and Protocols for Computer Communications},
    series = {SIGCOMM '03},
    year = {2003},
    isbn = {1-58113-735-4},
    location = {Karlsruhe, Germany},
    pages = {313--324},
    numpages = {12},
    url = {http://doi.acm.org/10.1145/863955.863991},
    doi = {10.1145/863955.863991},
    acmid = {863991},
    publisher = {ACM},
    address = {New York, NY, USA},
    keywords = {TM estimation, demand-oblivious routing, routing},
}

@inproceedings{oblivious04,
    author = {Applegate, David and Breslau, Lee and Cohen, Edith},
    title = {Coping with Network Failures: Routing Strategies for Optimal Demand Oblivious Restoration}
    booktitle = {Proceedings of the Joint International Conference on Measurement and Modeling of Computer Systems},
    series = {SIGMETRICS '04/Performance '04},
    year = {2004},
    isbn = {1-58113-873-3},
    location = {New York, NY, USA},
    pages = {270--281},
    numpages = {12},
    url = {http://doi.acm.org/10.1145/1005686.1005719},
    doi = {10.1145/1005686.1005719},
    acmid = {1005719},
    publisher = {ACM},
    address = {New York, NY, USA},
    keywords = {demand-oblivious routing, restoration, routing},
}

@inproceedings{Agarwal2005,
 author = {Agarwal, Sharad and Nucci, Antonio and Bhattacharyya, Supratik},
 title = {Measuring the Shared Fate of IGP Engineering and Interdomain Traffic},
 booktitle = {Proceedings of the 13TH IEEE International Conference on Network Protocols},
 series = {ICNP '05},
 year = {2005},
 isbn = {0-7695-2437-0},
 pages = {236--245},
 numpages = {10},
 url = {http://dx.doi.org/10.1109/ICNP.2005.22},
 doi = {10.1109/ICNP.2005.22},
 acmid = {1100355},
 publisher = {IEEE Computer Society},
 address = {Washington, DC, USA},
}

@inproceedings{Zhanga2005,
 author = {Zhanga, Chun and Kurosea, Jim and Towsley, Don and Ge, Zihui and Liu, Yong},
 title = {Optimal Routing with Multiple Traffic Matrices Tradeoff Between Average and Worst Case Performance},
 booktitle = {Proceedings of the 13TH IEEE International Conference on Network Protocols},
 series = {ICNP '05},
 year = {2005},
 isbn = {0-7695-2437-0},
 pages = {215--224},
 numpages = {10},
 url = {http://dx.doi.org/10.1109/ICNP.2005.30},
 doi = {10.1109/ICNP.2005.30},
 acmid = {1100353},
 publisher = {IEEE Computer Society},
 address = {Washington, DC, USA},
}

@inproceedings{ZhangC05,
author={Chun Zhang and Liu, Y. and Gong, W. and Kurose, J. and Moll, R. and Towsley, D.},
booktitle={INFOCOM 2005. 24th Annual Joint Conference of the IEEE Computer and Communications Societies. Proceedings IEEE},
title={On optimal routing with multiple traffic matrices},
year={2005},
month={March},
volume={1},
doi={10.1109/INFCOM.2005.1497927},
ISSN={0743-166X},
}

@inproceedings{COPE,
 author = {Wang, Hao and Xie, Haiyong and Qiu, Lili and Yang, Yang Richard and Zhang, Yin and Greenberg, Albert},
 title = {COPE: Traffic Engineering in Dynamic Networks},
 booktitle = {Proceedings of the 2006 Conference on Applications, Technologies, Architectures, and Protocols for Computer Communications},
 series = {SIGCOMM '06},
 year = {2006},
 isbn = {1-59593-308-5},
 location = {Pisa, Italy},
 pages = {99--110},
 numpages = {12},
 url = {http://doi.acm.org/10.1145/1159913.1159926},
 doi = {10.1145/1159913.1159926},
 acmid = {1159926},
 publisher = {ACM},
 address = {New York, NY, USA},
 keywords = {COPE, oblivious routing, optimization, traffic engineering, unpredictable traffic},
}

@inproceedings{MATE,
    author = {Anwar Elwalid and Cheng Jin and Steven Low and Indra Widjaja},
    title = {MATE: MPLS adaptive traffic engineering},
    booktitle = {INFOCOM},
    year = {2001},
    pages = {1300--1309}
}

@inproceedings{TeXCP,
 author = {Kandula, Srikanth and Katabi, Dina and Davie, Bruce and Charny, Anna},
 title = {Walking the Tightrope: Responsive Yet Stable Traffic Engineering},
 booktitle = {Proceedings of the 2005 Conference on Applications, Technologies, Architectures, and Protocols for Computer Communications},
 series = {SIGCOMM '05},
 year = {2005},
 isbn = {1-59593-009-4},
 location = {Philadelphia, Pennsylvania, USA},
 pages = {253--264},
 numpages = {12},
 url = {http://doi.acm.org/10.1145/1080091.1080122},
 doi = {10.1145/1080091.1080122},
 acmid = {1080122},
 publisher = {ACM},
 address = {New York, NY, USA},
 keywords = {TeXCP, distributed, online, responsive, stable, traffic engineering},
}

@article{jamin1997measurement,
  title={A measurement-based admission control algorithm for integrated service packet networks},
  author={Jamin, Sugih and Danzig, Peter B and Shenker, Scott J and Zhang, Lixia},
  journal={IEEE/ACM Transactions on Networking (TON)},
  volume={5},
  number={1},
  pages={56--70},
  year={1997},
  publisher={IEEE Press}
}

@article{akamai2010,
    title={The akamai network: a platform for high-performance internet applications},
    author={Nygren, Erik and Sitaraman, Ramesh K. and Sun, Jennifer},
    booktitle={ACM SIGOPS Operating Systems Review},
    year={2010},
    organization={ACM}
}

@inproceedings{liu2012optimizing,
    title={Optimizing cost and performance for content multihoming},
    author={Liu, Hongqiang Harry and Wang, Ye and Yang, Yang Richard and Wang, Hao and Tian, Chen},
    booktitle={Proceedings of the ACM SIGCOMM 2012 conference on Applications, technologies, architectures, and protocols for computer communication},
    pages={371--382},
    year={2012},
    organization={ACM}
}

@inproceedings{Krishnan:2009:MBE:1644893.1644917,
 author = {Krishnan, Rupa and Madhyastha, Harsha V. and Srinivasan, Sridhar and Jain, Sushant and Krishnamurthy, Arvind and Anderson, Thomas and Gao, Jie},
 title = {Moving Beyond End-to-end Path Information to Optimize CDN Performance},
 booktitle = {Proceedings of the 9th ACM SIGCOMM Conference on Internet Measurement Conference},
 series = {IMC '09},
 year = {2009},
 isbn = {978-1-60558-771-4},
 location = {Chicago, Illinois, USA},
 pages = {190--201},
 numpages = {12},
 url = {http://doi.acm.org/10.1145/1644893.1644917},
 doi = {10.1145/1644893.1644917},
 acmid = {1644917},
 publisher = {ACM},
 address = {New York, NY, USA},
 keywords = {content distribution networks, latency inflation, network troubleshooting},
}

@misc{cdn-amazon,
    title={{Amazon CloudFront}},
    note = {http://aws.amazon.com/cloudfront/}
}

@misc{cdn-azure,
    title={{Windows Azure CDN}},
    note = {http://azure.microsoft.com/en-us/services/cdn/}
}

@misc{cdn-google,
    title={{Google CDN}},
    note = {https://cloud.google.com/storage/}
}

@misc{cdn-facebook,
    title={{Facebook CDN}},
    note = {https://gigaom.com/2012/06/21/like-netflix-facebook-is-planning-its-own-cdn/}
}

@misc{cdn-level3,
    title={{Level3 CDN}},
    note = {http://www.level3.com/en/products/content-delivery-network/}
}

@misc{socp,
    title={{Stochastic second-order cone programming: Application models}},
    author={{Alzalg, Baha}},
    year={2012}
}

@misc{slp,
    title={{Applications of Stochastic Programming}},
    author={{Wallace, Stein W. and Ziemba, William T.}},
    year={2012}
}

@misc{bind,
    title={{BIND}},
    note = {https://www.isc.org/downloads/bind/}
}

@article{Fortz:2002:TET:2288480.2290228,
 author = {Fortz, B. and Rexford, J. and Thorup, M.},
 title = {Traffic Engineering with Traditional IP Routing Protocols},
 journal = {Comm. Mag.},
 issue_date = {October 2002},
 volume = {40},
 number = {10},
 month = oct,
 year = {2002},
 issn = {0163-6804},
 pages = {118--124},
 numpages = {7},
 url = {http://dx.doi.org/10.1109/MCOM.2002.1039866},
 doi = {10.1109/MCOM.2002.1039866},
 acmid = {2290228},
 publisher = {IEEE Press},
 address = {Piscataway, NJ, USA},
}

@inproceedings{Appenzeller:2004:SRB:1015467.1015499,
 author = {Appenzeller, Guido and Keslassy, Isaac and McKeown, Nick},
 title = {Sizing Router Buffers},
 booktitle = {Proceedings of the 2004 Conference on Applications, Technologies, Architectures, and Protocols for Computer Communications},
 series = {SIGCOMM '04},
 year = {2004},
 isbn = {1-58113-862-8},
 location = {Portland, Oregon, USA},
 pages = {281--292},
 numpages = {12},
 url = {http://doi.acm.org/10.1145/1015467.1015499},
 doi = {10.1145/1015467.1015499},
 acmid = {1015499},
 publisher = {ACM},
 address = {New York, NY, USA},
 keywords = {TCP, bandwidth delay product, buffer size, internet router},
}

@inproceedings{Liu:2013:ZUD:2486001.2486005,
 author = {Liu, Hongqiang Harry and Wu, Xin and Zhang, Ming and Yuan, Lihua and Wattenhofer, Roger and Maltz, David},
 title = {zUpdate: Updating Data Center Networks with Zero Loss},
 booktitle = {Proceedings of the ACM SIGCOMM 2013 Conference on SIGCOMM},
 series = {SIGCOMM '13},
 year = {2013},
 isbn = {978-1-4503-2056-6},
 location = {Hong Kong, China},
 pages = {411--422},
 numpages = {12},
 url = {http://doi.acm.org/10.1145/2486001.2486005},
 doi = {10.1145/2486001.2486005},
 acmid = {2486005},
 publisher = {ACM},
 address = {New York, NY, USA},
 keywords = {congestion, data center network, network update},
}

@inproceedings{Jin:2014:DSN:2619239.2626307,
 author = {Jin, Xin and Liu, Hongqiang Harry and Gandhi, Rohan and Kandula, Srikanth and Mahajan, Ratul and Zhang, Ming and Rexford, Jennifer and Wattenhofer, Roger},
 title = {Dynamic Scheduling of Network Updates},
 booktitle = {Proceedings of the 2014 ACM Conference on SIGCOMM},
 series = {SIGCOMM '14},
 year = {2014},
 isbn = {978-1-4503-2836-4},
 location = {Chicago, Illinois, USA},
 pages = {539--550},
 numpages = {12},
 url = {http://doi.acm.org/10.1145/2619239.2626307},
 doi = {10.1145/2619239.2626307},
 acmid = {2626307},
 publisher = {ACM},
 address = {New York, NY, USA},
 keywords = {network update, software-defined networking},
}

@techreport{narayana2012coordinate,
  title={To coordinate or not to coordinate? Wide-Area traffic management for data centers},
  author={Narayana, Srinivas and Jiang, Joe Wenjie and Rexford, Jennifer and Chiang, Mung}
}

@inproceedings{dipalantino,
  title={Traffic engineering vs. content distribution: A game theoretic perspective},
  author={DiPalantino, Dominic and Johari, Ramesh},
  booktitle={INFOCOM 2009, IEEE},
  pages={540--548},
  year={2009},
  organization={IEEE}
}

@inproceedings{jiang-cooperative,
 author = {Jiang, Wenjie and Zhang-Shen, Rui and Rexford, Jennifer and Chiang, Mung},
 title = {Cooperative Content Distribution and Traffic Engineering in an ISP Network},
 booktitle = {Proceedings of the Eleventh International Joint Conference on Measurement and Modeling of Computer Systems},
 series = {SIGMETRICS '09},
 year = {2009},
 isbn = {978-1-60558-511-6},
 location = {Seattle, WA, USA},
 pages = {239--250},
 numpages = {12},
 url = {http://doi.acm.org/10.1145/1555349.1555377},
 doi = {10.1145/1555349.1555377},
 acmid = {1555377},
 publisher = {ACM},
 address = {New York, NY, USA},
 keywords = {content distribution, game, internet, traffic engineering},
}


@article{Jack:MinMaxDist:TS1972,
  title={Geometrical solutions for some minimax location problems},
  author={Elzinga, Jack and Hearn, Donald W},
  journal={Transportation Science},
  volume={6},
  number={4},
  pages={379--394},
  year={1972},
  publisher={INFORMS}
}


@inproceedings{Buchholz:A-CDN:SAC'04,
  title={Replica placement in adaptive content distribution networks},
  author={Buchholz, Sven and Buchholz, Thomas},
  booktitle={Proceedings of the 2004 ACM symposium on Applied computing},
  pages={1705--1710},
  year={2004},
  organization={ACM}
}

@INPROCEEDINGS{Chen02dynamicreplica,
  title={Dynamic replica placement for scalable content delivery},
  author={Chen, Yan and Katz, Randy H and Kubiatowicz, John D},
  booktitle={Peer-to-peer systems},
  pages={306--318},
  year={2002},
  publisher={Springer}
}

@INPROCEEDINGS{Qiu:ServerReplicas:INFOCOM'01,
  title={On the placement of web server replicas},
  author={Qiu, Lili and Padmanabhan, Venkata N and Voelker, Geoffrey M},
  booktitle={INFOCOM 2001. Twentieth Annual Joint Conference of the IEEE Computer and Communications Societies. Proceedings. IEEE},
  volume={3},
  pages={1587--1596},
  year={2001},
  organization={IEEE}
}

@inproceedings{chen:web,
 author = {Chen, Yingying and Mahajan, Ratul and Sridharan, Baskar and Zhang, Zhi-Li},
 title = {A Provider-side View of Web Search Response Time},
 booktitle = {Proceedings of the ACM SIGCOMM 2013 Conference on SIGCOMM},
 series = {SIGCOMM '13},
 year = {2013},
}
