@article{netvm,
  title={NetVM: high performance and flexible networking using virtualization on commodity platforms},
  author={Hwang, Jinho and Ramakrishnan, KK and Wood, Timothy},
  journal={IEEE Transactions on Network and Service Management},
  volume={12},
  number={1},
  year={2015}
}

@inproceedings{netmap,
	title={Netmap: a novel framework for fast packet I/O},
	author={Rizzo, Luigi},
	booktitle={USENIX Security Symposium},
	year={2012}
}

@inproceedings{dcqcn,
	title={Congestion control for large-scale {RDMA} deployments},
	author={Zhu, Yibo and Eran, Haggai and Firestone, Daniel and Guo, Chuanxiong and others},
	booktitle={ACM SIGCOMM},
	volume={45},
	number={4},
	year={2015}
}
@misc{dpdk,
	author = {},
	title = {Data Plane Development Kit {(DPDK)}},
	year = {accessed 2016}, 
	howpublished = "\url{http://dpdk.org/}"}

@misc{sriov,
	author = {PCI Special Interest Group},
	title = {Single Root {I/O} Virtualization},
	year = {accessed 2016}, 
	howpublished = "\url{http://pcisig.com/specifications/iov/single_root/}"}

@misc{docker,
	author = {},
	title = {Docker},
	howpublished = "\url{http://www.docker.com/}"}

@misc{docker-2billion,
	author = {Docker},
	title = {Docker Community Passes Two Billion Pulls},
	year = {2016}, 
	howpublished = "\url{https://blog.docker.com/2016/02/docker-hub-two-billion-pulls/}"}

@misc{docker-marketing-brag,
       author = {Docker},
       title = {DevOps page on Docker Website},
       year = {accessed 2016},
       howpublished = "\url{https://www.docker.com/use-cases/devops}"}

@misc{docker-datadog,
	author = {Datadog},
	title = {8 suprising facts about real {Docker} adoption},
	year = {2016}, 
	howpublished = "\url{https://www.datadoghq.com/docker-adoption/}"}

@misc{iron-io-300-million,
	author = {Iron.io},
	title = {Docker in Production -- What We've Learned Launching Over 300 Million Containers},
	year = {2014}, 
	howpublished = "\url{https://www.iron.io/docker-in-production-what-weve-learned/}"}


@misc{rdma,
	author = {Mellanox},
	title = {{RDMA} Aware Networks Programming User Manual},
	year = {Rev 1.7}, 
	howpublished = "\url{http://www.mellanox.com/}"}



@misc{kubernetes,
	author = {},
	title = {Kubernetes},
	howpublished = "\url{http://kubernetes.io/}"}

@misc{weave,
	author = {},
	title = {{Weave Net}},
	year = {accessed 2016}, 
	howpublished = "\url{https://www.weave.works/}"}


@misc{calico,
	author = {},
	title = {Project Calico},
	howpublished = "\url{https://www.projectcalico.org/}"}

@misc{coreos,
	author = {},
	title = {{CoreOS}},
	year = {accessed 2016}, 
	howpublished = "\url{https://coreos.com/}"}


@misc{hadoop,
	author = {},
	title = {{Apache Hadoop}},
	year = {accessed 2016}, 
	howpublished = "\url{http://hadoop.apache.org/}"}


@article{highsriov,
	title={High performance network virtualization with SR-IOV},
	author={Dong, Yaozu and Yang, Xiaowei and Li, Jianhui and Liao, Guangdeng and Tian, Kun and Guan, Haibing},
	journal={Elsevier Journal of Parallel and Distributed Computing},
	volume={72},
	number={11},
	year={2012}
}


%%%%%%%%%%%%%% key value stores

@inproceedings{cassandra,
	author = {Lakshman, Avinash and Malik, Prashant},
	title = {Cassandra: A Decentralized Structured Storage System},
	booktitle = {ACM SIGOPS Operating Systems Review (OSR)},
	number = {2},
	year = {2010},
} 

@inproceedings{dynamo,
	title={Dynamo: Amazon's highly available key-value store},
	author={DeCandia, Giuseppe and Hastorun, Deniz and Jampani, Madan and Kakulapati, Gunavardhan and Lakshman, Avinash and Pilchin, Alex and Sivasubramanian, Swaminathan and Vosshall, Peter and Vogels, Werner},
	booktitle={ACM SIGOPS Operating Systems Review (OSR)},
	year={2007}
}





@article{bigtable,
	title={Bigtable: A distributed storage system for structured data},
	author={Chang, Fay and Dean, Jeffrey and Ghemawat, Sanjay and Hsieh, Wilson C and Wallach, Deborah A and Burrows, Mike and Chandra, Tushar and Fikes, Andrew and Gruber, Robert E},
	journal={ACM TOCS},
	volume={26},
	number={2},
	year={2008}
}

@inproceedings{farm,
	title={FaRM: fast remote memory},
	author={Dragojevi{\'c}, Aleksandar and Narayanan, Dushyanth and Castro, Miguel and Hodson, Orion},
	booktitle={USENIX NSDI },
	year={2014}
}


%%%%%%%%%%%%
@article{mapreduce,
	title={MapReduce: simplified data processing on large clusters},
	author={Dean, Jeffrey and Ghemawat, Sanjay},
	journal={Communications of the ACM},
	volume={51},
	number={1},
	year={2008}
}

@inproceedings{mesos,
	title={Mesos: A Platform for Fine-Grained Resource Sharing in the Data Center.},
	author={Hindman, Benjamin and Konwinski, Andy and Zaharia, Matei and Ghodsi, Ali and Joseph, Anthony D and Katz, Randy H and Shenker, Scott and Stoica, Ion},
	booktitle={USENIX NSDI},
	year={2011}
}

@inproceedings{yarn,
	title={Apache hadoop yarn: Yet another resource negotiator},
	author={Vavilapalli, Vinod Kumar and Murthy, Arun C and Douglas, Chris and Agarwal, Sharad and others},
	booktitle={ACM Symposium on Cloud Computing},
	year={2013}
}


%%%%%%%%%%%%%%% coflow
@inproceedings{varys,
	title={Efficient coflow scheduling with Varys},
	author={Chowdhury, Mosharaf and Zhong, Yuan and Stoica, Ion},
	booktitle={ACM SIGCOMM},
	year={2014}
}
@inproceedings{orchestra,
	title={Managing data transfers in computer clusters with orchestra},
	author={Chowdhury, Mosharaf and Zaharia, Matei and Ma, Justin and Jordan, Michael I and Stoica, Ion},
	booktitle={ACM SIGCOMM},
	year={2011}
}

@inproceedings{reining,
	title={Reining in the Outliers in Map-Reduce Clusters using Mantri.},
	author={Ananthanarayanan, Ganesh and Kandula, Srikanth and Greenberg, Albert G and Stoica, Ion and Lu, Yi and Saha, Bikas and Harris, Edward},
	booktitle={USENIX OSDI},
	year={2010}
}

@inproceedings{chowdhury,
	title={Efficient coflow scheduling without prior knowledge},
	author={Chowdhury, Mosharaf and Stoica, Ion},
	booktitle={ACM SIGCOMM},
	year={2015}
}


@misc{chroot,
	author = {FreeBDS},
	title = {{chroot -- FreeBDS Man Pages}},
	year = {FreeBDS 10.3 Rel}, 
	howpublished = "\url{http://www.freebsd.org/cgi/man.cgi}"}

@inproceedings{rdmacontainers,
title={Containing {RDMA} and High Performance Computing},
author={Liss, Liran},
booktitle={ContainerCon},
year={2015}
}

@article{docker:linjournal,
 author = {Merkel, Dirk},
 title = {Docker: Lightweight Linux Containers for Consistent Development and Deployment},
 journal = {Linux J.},
 volume = {2014},
 number = {239},
 year = {2014},
 publisher = {Belltown Media}
}

@inproceedings{vale,
	title={Vale, a switched ethernet for virtual machines},
	author={Rizzo, Luigi and Lettieri, Giuseppe},
	booktitle={ACM CoNEXT},
	year={2012},
}

@inproceedings{jitsu,
	title={Jitsu: Just-in-time summoning of unikernels},
	author={Madhavapeddy, Anil and Leonard, Thomas and Skjegstad, Magnus and Gazagnaire, Thomas and others},
	booktitle={USENIX NSDI)},
	year={2015}
}

@article{ranadive2012toward,
  title={Toward a paravirtual {vRDMA} device for {VMware} {ESXi} guests},
  author={Ranadive, Adit and Davda, Bhavesh},
  journal={VMware Technical Journal, Winter 2012},
  volume={1},
  number={2},
  year={2012}
}

@Article{KNEM,
  Title                    = {KNEM: A generic and scalable kernel-assisted intra-node {MPI} communication framework },
  Author                   = {Brice Goglin and St√©phanie Moreaud},
  Journal                  = {Journal of Parallel and Distributed Computing },
  Year                     = {2013},
  Number                   = {2},
  Volume                   = {73},

}


@inproceedings{clickos,
	title={ClickOS and the art of network function virtualization},
	author={Martins, Joao and Ahmed, Mohamed and Raiciu, Costin and Olteanu, Vladimir and Honda, Michio and Bifulco, Roberto and Huici, Felipe},
	booktitle={USENIX NSDI},
	year={2014},
}
@Article{MPI:p:MPI,
  Title                    = {MPI + MPI: A New Hybrid Approach to Parallel Programming with MPI Plus Shared Memory},
  Author                   = {T. Hoefler and J. Dinan and Darius Buntinas and Pavan Balaji and B. Barrett and R. Brightwell and W. D. Gropp and V. Kale and Rajeev Thakur},
  Journal                  = {Computing},
  Year                     = {2013},
  Volume                   = {95},
}

@INPROCEEDINGS{HybridMPI,
author={R. Rabenseifner and G. Hager and G. Jost},
booktitle={Euromicro International Conference on Parallel, Distributed and Network-based Processing},
title={Hybrid MPI/OpenMP Parallel Programming on Clusters of Multi-Core SMP Nodes},
year={2009},
}

@inproceedings{lls,
title={Reducing Network Latency in Linux},
author={Brandeburg, Jesse},
booktitle={Linux Plumbers Conference},
year={2012},
}

@Misc{rfc7609,
  Title                    = {{IBM's Shared Memory Communications over RDMA (SMC-R) Protocol}},

  Author                   = {M. Fox and C. Kassimis and J. Stevens},
  HowPublished             = {RFC 7609 (Informational)},
  Year                     = {2015},

  Number                   = {7609},
  Organization             = {Internet Engineering Task Force},
  Publisher                = {IETF},
  Series                   = {Request for Comments},
}

@Article{mpi-rdma,
  Title                    = {High Performance {RDMA}-Based {MPI} Implementation over InfiniBand},
  Author                   = {Liu, Jiuxing and Wu, Jiesheng and Panda, Dhabaleswar K.},
  Journal                  = {International Journal of Parallel Programming},
  Year                     = {2004},
  Number                   = {3},
  Volume                   = {32},
}

@inproceedings{rsockets,
  title={Rsockets},
  author={Hefty, Sean},
  booktitle={OpenFabris International Workshop},
  year={2012}
}

@INPROCEEDINGS{sdp,
author={P. Balaji and S. Narravula and K. Vaidyanathan and S. Krishnamoorthy and J. Wu and D. K. Panda},
booktitle={IEEE ISPASS},
title={Sockets Direct Protocol over InfiniBand in clusters: is it beneficial?},
year={2004},
}

@inproceedings{XenLoop,
 author = {Wang, Jian and Wright, Kwame-Lante and Gopalan, Kartik},
 title = {XenLoop: A Transparent High Performance Inter-vm Network Loopback},
 booktitle = {ACM HPDC},
 year = {2008},
}

@INPROCEEDINGS{container-networking-modules,
author={J. Claassen and R. Koning and P. Grosso},
booktitle={IEEE/IFIP NOMS},
title={Linux containers networking: Performance and scalability of kernel modules},
year={2016},
}

@inproceedings{containers-blackhat,
booktitle={BlackHat Europe},
title={VULNERABILITY EXPLOITATION IN DOCKER CONTAINER ENVIRONMENTS},
author={BETTINI, ANTHONY},
year={2015},
}

@inproceedings{containers-rhel,
booktitle={DockerCon},
title={Docker Security},
author={Walsh, Daniel},
year={2014},
}

@inproceedings{containers-oscon,
booktitle={Oscon},
title={LXC, Docker, security: is it safe to run applications in Linux Containers?},
author={J√©r√¥me Petazzoni},
year={2014},
}

@inproceedings{li2014communication,
  title={Communication efficient distributed machine learning with the parameter server},
  author={Li, Mu and Andersen, David G and Smola, Alex J and Yu, Kai},
  booktitle={Advances in Neural Information Processing Systems},
  pages={19--27},
  year={2014}
}